<record><leader>00000cas a2200000 i 4500</leader><controlfield tag="001">850722511</controlfield><controlfield tag="006">m     o  d        </controlfield><controlfield tag="007">cr |||||||||||</controlfield><controlfield tag="008">130625d1970197uksudr neo     0    0eng c</controlfield><datafield ind1=" " ind2=" " tag="010"><subfield code="a">  2013254373</subfield></datafield><datafield ind1=" " ind2=" " tag="040"><subfield code="a">AANWS</subfield><subfield code="b">eng</subfield><subfield code="e">rda</subfield><subfield code="c">AANWS</subfield><subfield code="d">CUS</subfield><subfield code="d">OCLCF</subfield><subfield code="d">OCLCO</subfield></datafield><datafield ind1=" " ind2=" " tag="042"><subfield code="a">pcc</subfield></datafield><datafield ind1=" " ind2=" " tag="043"><subfield code="a">n-us-ks</subfield></datafield><datafield ind1="1" ind2="4" tag="050"><subfield code="a">AN</subfield></datafield><datafield ind1="0" ind2=" " tag="130"><subfield code="a">Wichita times (Wichita, Kan. : 1970)</subfield></datafield><datafield ind1="1" ind2="4" tag="245"><subfield code="a">The Wichita times.</subfield></datafield><datafield ind1=" " ind2="1" tag="264"><subfield code="3">&lt;January 11, 1973&gt;-1976:</subfield><subfield code="a">Wichita, Kan. :</subfield><subfield code="b">L.V. "Jack" Hudson :</subfield><subfield code="b">Hudson Publishing Co.,</subfield><subfield code="c">[1970?]-</subfield></datafield><datafield ind1="3" ind2="1" tag="264"><subfield code="3">1976-&lt;September 22, 1977&gt;:</subfield><subfield code="a">Wichita, Kan. :</subfield><subfield code="b">L.V. "Jack" Hudson :</subfield><subfield code="b">Wichita Times, Inc.</subfield></datafield><datafield ind1=" " ind2=" " tag="300"><subfield code="a">1 online resource</subfield></datafield><datafield ind1=" " ind2=" " tag="310"><subfield code="a">Weekly</subfield></datafield><datafield ind1=" " ind2=" " tag="336"><subfield code="a">text</subfield><subfield code="b">txt</subfield><subfield code="2">rdacontent</subfield></datafield><datafield ind1=" " ind2=" " tag="337"><subfield code="a">computer</subfield><subfield code="b">c</subfield><subfield code="2">rdamedia</subfield></datafield><datafield ind1=" " ind2=" " tag="338"><subfield code="a">online resource</subfield><subfield code="b">cr</subfield><subfield code="2">rdacarrier</subfield></datafield><datafield ind1="1" ind2=" " tag="362"><subfield code="a">Began in 1970.</subfield></datafield><datafield ind1=" " ind2=" " tag="588"><subfield code="a">Description based on: Vol. IV, issue 2 (January 11, 1973); title from PDF masthead (Readex America's Historical Newspapers Web site, viewed June 25, 2013).</subfield></datafield><datafield ind1=" " ind2=" " tag="588"><subfield code="a">Latest issue consulted: Vol. 8, issue 37 (Septemeber 22, 1977) (viewed June 25, 2013).</subfield></datafield><datafield ind1=" " ind2="0" tag="650"><subfield code="a">African Americans</subfield><subfield code="z">Kansas</subfield><subfield code="z">Wichita</subfield><subfield code="v">Newspapers.</subfield></datafield><datafield ind1=" " ind2="0" tag="650"><subfield code="a">African American newspapers</subfield><subfield code="z">Kansas</subfield><subfield code="z">Wichita.</subfield></datafield><datafield ind1=" " ind2="0" tag="651"><subfield code="a">Wichita (Kan.)</subfield><subfield code="v">Newspapers.</subfield></datafield><datafield ind1=" " ind2="7" tag="655"><subfield code="a">Newspapers.</subfield><subfield code="2">fast</subfield><subfield code="0">(OCoLC)fst01423814</subfield></datafield><datafield ind1=" " ind2="7" tag="650"><subfield code="a">African American newspapers.</subfield><subfield code="2">fast</subfield><subfield code="0">(OCoLC)fst00799278</subfield></datafield><datafield ind1=" " ind2="7" tag="650"><subfield code="a">African Americans.</subfield><subfield code="2">fast</subfield><subfield code="0">(OCoLC)fst00799558</subfield></datafield><datafield ind1=" " ind2="7" tag="651"><subfield code="a">Kansas</subfield><subfield code="z">Wichita.</subfield><subfield code="2">fast</subfield><subfield code="0">(OCoLC)fst01207210</subfield></datafield><datafield ind1=" " ind2=" " tag="752"><subfield code="a">United States</subfield><subfield code="b">Kansas</subfield><subfield code="c">Sedgwick</subfield><subfield code="d">Wichita.</subfield></datafield><datafield ind1="0" ind2="8" tag="776"><subfield code="i">Print version:</subfield><subfield code="t">Wichita times (Wichita, Kan. : 1970)</subfield><subfield code="w">(DLC)sn 85032541</subfield><subfield code="w">(OCoLC)12607511</subfield></datafield><datafield ind1="0" ind2="0" tag="785"><subfield code="t">Kansas weekly journal</subfield><subfield code="w">(DLC)  2013254043</subfield><subfield code="w">(OCoLC)811625534</subfield></datafield><datafield ind1="4" ind2="0" tag="856"><subfield code="u">http://infoweb.newsbank.com/?db=EANX&amp;s_browseRef=decades/12E5A428B4E64838/all.xml</subfield></datafield></record>